@inproceedings{Al Ries, J. T. (2006),
  title={La Guerra del Marketing},
  author={Al Ries, J. T.},
  pages={2--3},
  year={2006}
}
@inproceedings{Carely J. Arias Ascencio, K. P. (2020),
  title={Marketing digital en las redes sociales y social media},
  author={Carely J. Arias Ascencio, K. P.},
  year={2020}
}
@inproceedings{Cousillas, T. S. (2018),
  title={Evolución del marketing del 1.0 al 4.0.},
  author={Cousillas, Tara Suárez},
  booktitle={Revista de marketing aplicado},
  pages={209--227},
  year={2018}
}
inproceedings{Kotler, P. (2001),
  title={Dirección de mercadotecnia},
  author={Kotler, Philip},
  year={2001}
}
@inproceedings{Monroy, J. G. (2015),
  title={Invertir en el marketing digital},
  author={Monroy, J. G.},
  booktitle={Elementos del marketing digital 2.0},
  pages={20--23},
  year={2015}
} 
@inproceedings{Velazco, D. (2015),
  title={Introducción al marketing interactivo},
  author={Velazco, Diana},
  booktitle={Elementos del marketing digital versión 2.0},
  pages={13--19},
  year={2015}
 }
  inproceedings{William J. Stanton, M. J. (2007),
  title={Fundamenos del marketing},
  author={William J. Stanton, M. J.},
  year={2007}
